@article{Agashe:2014kda,
      author         = "Olive, K. A. and others",
      title          = "{Review of Particle Physics}",
      collaboration  = "Particle Data Group",
      journal        = "Chin. Phys.",
      volume         = "C38",
      year           = "2014",
      pages          = "090001",
      doi            = "10.1088/1674-1137/38/9/090001",
      SLACcitation   = "%%CITATION = CHPHD,C38,090001;%%"
}

@article{Fermi:1934hr,
      author         = "Fermi, E.",
      title          = "{An attempt of a theory of beta radiation. 1.}",
      journal        = "Z. Phys.",
      volume         = "88",
      year           = "1934",
      pages          = "161-177",
      doi            = "10.1007/BF01351864",
      reportNumber   = "UCRL-TRANS-726",
      SLACcitation   = "%%CITATION = ZEPYA,88,161;%%"
}

@ARTICLE{1956PhRv..104..254L,
   author = {{Lee}, T.~D. and {Yang}, C.~N.},
    title = "{Question of Parity Conservation in Weak Interactions}",
  journal = {Physical Review},
     year = 1956,
    month = oct,
   volume = 104,
    pages = {254-258},
      doi = {10.1103/PhysRev.104.254},
   adsurl = {http://adsabs.harvard.edu/abs/1956PhRv..104..254L},
  adsnote = {Provided by the SAO/NASA Astrophysics Data System}
}

@ARTICLE{1957PhRv..105.1413W,
   author = {{Wu}, C.~S. and {Ambler}, E. and {Hayward}, R.~W. and {Hoppes}, D.~D. and 
	{Hudson}, R.~P.},
    title = "{Experimental Test of Parity Conservation in Beta Decay}",
  journal = {Physical Review},
     year = 1957,
    month = feb,
   volume = 105,
    pages = {1413-1415},
      doi = {10.1103/PhysRev.105.1413},
   adsurl = {http://adsabs.harvard.edu/abs/1957PhRv..105.1413W},
  adsnote = {Provided by the SAO/NASA Astrophysics Data System}
}

@article{PhysRev.109.193,
  title = {Theory of the Fermi Interaction},
  author = {Feynman, R. P. and Gell-Mann, M.},
  journal = {Phys. Rev.},
  volume = {109},
  issue = {1},
  pages = {193--198},
  numpages = {0},
  year = {1958},
  month = {Jan},
  publisher = {American Physical Society},
  doi = {10.1103/PhysRev.109.193},
  url = {http://link.aps.org/doi/10.1103/PhysRev.109.193}
}

@article{PhysRevLett.13.508,
  title = {Broken Symmetries and the Masses of Gauge Bosons},
  author = {Higgs, Peter W.},
  journal = {Phys. Rev. Lett.},
  volume = {13},
  issue = {16},
  pages = {508--509},
  numpages = {0},
  year = {1964},
  month = {Oct},
  publisher = {American Physical Society},
  doi = {10.1103/PhysRevLett.13.508},
  url = {http://link.aps.org/doi/10.1103/PhysRevLett.13.508}
}

@ARTICLE{1964PhRvL..13..321E,
   author = {{Englert}, F. and {Brout}, R.},
    title = "{Broken Symmetry and the Mass of Gauge Vector Mesons}",
  journal = {Physical Review Letters},
     year = 1964,
    month = aug,
   volume = 13,
    pages = {321-323},
      doi = {10.1103/PhysRevLett.13.321},
   adsurl = {http://adsabs.harvard.edu/abs/1964PhRvL..13..321E},
  adsnote = {Provided by the SAO/NASA Astrophysics Data System}
}
